@misc{barba2024pres,
    author = "Lorena A. Barba",
    title = "{Building a course-level AI Mentor, with custom document store and persona}",
    year = "2024",
    month = "9",
    howpublished = {Figshare presentation, 10.6084/m9.figshare.26955880.v1},
    doi = "10.6084/m9.figshare.26955880.v1"
}
@misc{barba2025syll,
    author = "Lorena A. Barba",
    title = "{MAE-2117: Engineering Computations (Syllabus)}",
    year = "2025",
    month = "4",
    howpublished = {Figshare online resource, 10.6084/m9.figshare.28829849.v1},
    doi = "10.6084/m9.figshare.28829849.v1"
}

@article{bastani2024generative,
  title={Generative {AI} can harm learning},
  author={Bastani, Hamsa and Bastani, Osbert and Sungu, Alp and Ge, Haosen and Kabakc{\i}, Ozge and Mariman, Rei},
  journal={Available at SSRN},
  volume={4895486},
  year={2024}
}

@article{koriat2005illusions,
  title={Illusions of competence in monitoring one's knowledge during study.},
  author={Koriat, Asher and Bjork, Robert A},
  journal={Journal of Experimental Psychology: Learning, Memory, and Cognition},
  volume={31},
  number={2},
  pages={187},
  year={2005},
  publisher={American Psychological Association}
}

@article{denning2016learning,
  title={Learning to learn},
  author={Denning, Peter J and Flores, Gloria},
  journal={Communications of the ACM},
  volume={59},
  number={12},
  pages={32--36},
  year={2016},
  publisher={ACM New York, NY, USA}
}

@article{dawson2024validity,
  title={Validity matters more than cheating},
  author={Dawson, Phillip and Bearman, Margaret and Dollinger, Mollie and Boud, David},
  journal={Assessment \& Evaluation in Higher Education},
  volume={49},
  number={7},
  pages={1005--1016},
  year={2024},
  publisher={Taylor \& Francis}
}

@article{corbin2025s,
  title={{‘Where’s the line? It’s an absurd line’}: towards a framework for acceptable uses of {AI} in assessment},
  author={Corbin, Thomas and Dawson, Phillip and Nicola-Richmond, Kelli and Partridge, Helen},
  journal={Assessment \& Evaluation in Higher Education},
  pages={1--13},
  year={2025},
  publisher={Taylor \& Francis}
}